@inbook{abu-aisheh_raveaux_ramel_2015,
title={A Graph Database Repository and Performance Evaluation Metrics for Graph Edit Distance},
booktitle={IAPR Internatioanl workshop on Graph Based Representation},
author={Abu-Aisheh, Zeina and Raveaux, Romain and Ramel, Jean-Yves},
year={2015}
},

@inbook{abu-aisheh_raveaux_ramel_martineau_2015,
title={An Exact Graph Edit Distance Algorithm for Solving Pattern Recognition Problems},
booktitle={4th International Conference on Pattern Recognition Applications and Methods},
author={Abu-Aisheh, Zeina and Raveaux, Romain and Ramel, Jean-Yves and Martineau, Patrick},
year={2015}
},

@article{riesen_bunke_2009,
title={Approximate graph edit distance computation by means of bipartite graph matching},
volume={27},
DOI={10.1016/j.imavis.2008.04.004},
number={7},
journal={Image and Vision Computing},
author={Riesen, Kaspar and Bunke, Horst},
year={2009},
pages={950-959}
},

@inbook{riesen_fankhauser_bunke_2011,
place={Berlin, Heidelberg},
title={Speeding Up Graph Edit Distance Computation through Fast Bipartite Matching},
booktitle={Graph-Based Representations in Pattern Recognition},
publisher={Springer},
author={Riesen, Kaspar and Fankhauser, Stefan and Bunke, Horst},
editor={Jiang, Xiaoyi and Ferrer, Miquel and Torsello, Andrea},
year={2011}
},

@phdthesis{tavares_2016,
title={Algoritmos exatos para problema da clique maxima ponderada},
school={Universit´e d’Avignon},
author={Tavares, Wladimir Araujo},
year={2016}
}